@online{lecun-mnist,
	author = 	{LeCun, Yann and Cortes, Corinna and Burges, Christopher J.C.},
	title = 	{THE MNIST DATABASE},
	year = 		{1998},
	url = 		{"http://yann.lecun.com/exdb/mnist/"},
	urldate = 	{2018-11-12}
}

@online{tensorflow,
	title=		{{TensorFlow}: Large-Scale Machine Learning on Heterogeneous Systems},
	url=		{https://www.tensorflow.org/},
	note=		{Software available from tensorflow.org},
	author=		{
				Mart\'{\i}n~Abadi and
				Ashish~Agarwal and
				Paul~Barham and
				Eugene~Brevdo and
				Zhifeng~Chen and
				Craig~Citro and
				Greg~S.~Corrado and
				Andy~Davis and
				Jeffrey~Dean and
				Matthieu~Devin and
				Sanjay~Ghemawat and
				Ian~Goodfellow and
				Andrew~Harp and
				Geoffrey~Irving and
				Michael~Isard and
				Yangqing Jia and
				Rafal~Jozefowicz and
				Lukasz~Kaiser and
				Manjunath~Kudlur and
				Josh~Levenberg and
				Dandelion~Man\'{e} and
				Rajat~Monga and
				Sherry~Moore and
				Derek~Murray and
				Chris~Olah and
				Mike~Schuster and
				Jonathon~Shlens and
				Benoit~Steiner and
				Ilya~Sutskever and
				Kunal~Talwar and
				Paul~Tucker and
				Vincent~Vanhoucke and
				Vijay~Vasudevan and
				Fernanda~Vi\'{e}gas and
				Oriol~Vinyals and
				Pete~Warden and
				Martin~Wattenberg and
				Martin~Wicke and
				Yuan~Yu and
				Xiaoqiang~Zheng
				},
	year=		{2015},
	urldate = 	{2018-11-15}
}

@online{numpy,
	author =    {Eric Jones and Travis Oliphant and Pearu Peterson and others},
	title =     {{SciPy}: Open source scientific tools for {Python}},
	year =      {2001--},
	url = 		{"https://docs.scipy.org/doc/numpy-1.15.1/reference/generated/numpy.linalg.pinv.html"},
	urldate = 	{2018-11-30}
}

@article{kass-snake,
    author = 	{Michael Kass and Andrew Witkin and Demetri Terzopoulos},
    title = 	{Snakes: Active contour models},
    journal = 	{INTERNATIONAL JOURNAL OF COMPUTER VISION},
    year = 		{1988},
    volume = 	{1},
    number = 	{4},
    pages = 	{321--331}
}

@book{nielsen-neuronal_networks_and_deep_learning,
	author = 	{Nielson, Michael A.},
	title = 	{Neuronal Networks and Deep Learning},
	date = 		{2015}
}

@online{weisstein-convolution_theorem,
	author =    {Weisstein, Eric W.},
	title =     {Convolution Theorem},
	year =      {2018},
	url = 		{"http://mathworld.wolfram.com/ConvolutionTheorem.html"},
	urldate = 	{2018-12-08}
}

@online{standford-cs231n-convolutional_neuronal_networks_for_visual_recognition,
	author =    {Standford, CS231N Staff},
	title =     {CS231n Convolutional Neural Networks for Visual Recognition},
	year =      {2018},
	url = 		{"http://cs231n.github.io/neural-networks-1/"},
	urldate = 	{2018-12-08}
}
